% Encoding: UTF-8

@article{joulin2016bag,
  author    = {Armand Joulin and
               Edouard Grave and
               Piotr Bojanowski and
               Tomas Mikolov},
  title     = {Bag of Tricks for Efficient Text Classification},
  journal   = {CoRR},
  volume    = {abs/1607.01759},
  year      = {2016},
  url       = {http://arxiv.org/abs/1607.01759},
  archivePrefix = {arXiv},
  eprint    = {1607.01759},
  timestamp = {Wed, 07 Jun 2017 14:42:39 +0200},
  biburl    = {https://dblp.org/rec/bib/journals/corr/JoulinGBM16},
  bibsource = {dblp computer science bibliography, https://dblp.org}
}


@article{deep-learning-methods-for-sub,
  author = {Piotr Semberecki and Henryk Maciejewski},
  title = {Deep Learning methods for Subject Text Classification of Articles},
  year = {2017},
month = {09},
pages = {357-360},
  note = "[dostęp dnia 02 maja 2018]",
}

@article{about-lda,
title = {{The improvement of LDA: Considering avoiding repetition}},
author = {Bo Yuan and Yiming Zhou},
year = {2008},

}

@INPROCEEDINGS{classification-disasters-from-news, 
author={T. Nugent and F. Petroni and N. Raman and L. Carstens and J. L. Leidner}, 
booktitle={2017 IEEE International Conference on Big Data (Big Data)}, 
title={A comparison of classification models for natural disaster and critical event detection from news}, 
year={2017}, 
volume={}, 
number={}, 
pages={3750-3759}, 
keywords={disasters;feedforward neural nets;learning (artificial intelligence);pattern classification;support vector machines;CNN;English-language news;HAN;RF;SVM;TDT;Topic Detection;armed conflict;convolutional neural network;critical event detection;different machine learning models;document-level event classification;event extraction;fires;floods;hierarchical attention network;high-quality agency news;infrastructure breakdown;labour unavailability;machine learning model;natural disaster;pretrained embedding vectors;quantitative error analysis;random forest;storms;supervised classification approaches;support vector machine;terrorism;topic detection and tracking;Electric breakdown;Event detection;Radio frequency;Storms;Support vector machines;Terrorism;Event Extraction;Text Classification;Topic Detection and Tracking (TDT)}, 
doi={10.1109/BigData.2017.8258374}, 
ISSN={}, 
month={Dec},}

@INPROCEEDINGS{short-text-classification, 
author={S. Cao and B. Qian and C. Yin and X. Li and J. Wei and Q. Zheng and I. Davidson}, 
booktitle={2017 IEEE International Conference on Data Mining (ICDM)}, 
title={Knowledge Guided Short-Text Classification for Healthcare Applications}, 
year={2017}, 
volume={}, 
number={}, 
pages={31-40}, 
keywords={data mining;health care;learning (artificial intelligence);pattern classification;recurrent neural nets;text analysis;BI-LSTM recurrent network;bidirectional long short-term memory recurrent network;deep neural network;domain knowledge dictionary;interactive healthcare system;knowledge guided short-text classification;scarce words;semantic expression;text mining;Dictionaries;Diseases;Neural networks;Semantics;Valves}, 
doi={10.1109/ICDM.2017.12}, 
ISSN={}, 
month={Nov},}

@Book{introInfoRetrieval,
  title        = {{Introduction to Information Retrieval}},
  publisher    = {Cambridge University Press},
  year         = {2008},
  author       = {Christopher Manning and Prabhakar Raghavan and Hinrich Schütze},
  howpublished = {\url{https://nlp.stanford.edu/IRbook/html/htmledition/dropping-common-terms-stop-words-1.html}},
  journal      = {Cambridge University Press},
}

@book{indeksowanietresci,
  author = {Piotr Malak},
  title = {Indeksowanie treści},
  year = {2008}, 
  publisher = "Wydawnictwo SBP",
}

@article{comparing-svm-and-nb,
  title = {{Comparing SVM and naïve Bayes classifiers for text categorization with Wikitology as knowledge enrichment}},
  author= {Sundus Hassan and Muhammad Rafi and Muhammad Shahid Shaikh},
  year = {2011},
  journal={Multitopic Conference (INMIC), 2011 IEEE 14th International}
}



@Book{mykowiecka,
  title     = {{Inżynieria lingwistyczna, Komputerowe przetwarzanie tekstów w języku naturalnym}},
  publisher = {Wydawnictwo PJWSTK},
  year      = {2007},
  author    = {Agnieszka Mykowiecka},
  pages     = {1--84},
}

@misc{md5-hash,
author = {R. Rivest},
  title = {The MD5 Message-Digest Algorithm},
  howpublished = "\url{https://www.ietf.org/rfc/rfc1321.txt}",
  year = {1992}, 
}  

@misc{nbsp-wikipedia,
  title = {In HTML, what is a non-breaking space?},
  howpublished = "\url{https://kb.iu.edu/d/agjn}",
  note = "[dostęp dnia 02 maja 2018]",
}  

@Book{effective-java,
  title     = {{Effective Java: Third Edition}},
  publisher = {Addison-Wesley Professional},
  year      = {2017},
  author    = {Joshua Bloch},
  pages     = {20-82},
}

@MastersThesis{maciej-baj,
  author = {Maciej Baj},
  title  = {Metody komputerowej analizy stylometrycznej tekstów w języku polskim},
  school = {Politechnika Wrocławska},
  year   = {2016},
}

@book{spring-in-action,
  author = {Craig Walls},
  title = {Spring w Akcji},
  year = {2015}, 
    publisher = "Wydawnictwo Helion",
}

@Book{miary-jakosci,
  title     = {Miary jakości},
  publisher = {Instytut Informatyki Uniwersytety Warszawskiego},
  year      = {2008},
  author    = {Wojciech Jaworski},
}

@Book{stats,
  title     = {Statystyka dla językoznawców},
  publisher = {Wydawnictwo UW},
  year      = {1990},
  author    = {Hammerl Rolf},
}

@Book{designpatterns,
  title     = {{Design Patterns. Elements of Reusable Object-Oriented Software}},
  publisher = {Addison-Wesley Professional},
  year      = {1994},
  author    = {Erich Gamma and Richard Helm},
}


@misc{word2vec,
  author = {Xin Rong},
  title = {word2vec Parameter Learning Explained},
  howpublished = {\url{https://arxiv.org/pdf/1411.2738v3.pdf}},
  year = {2016}, 
  note = "[dostęp dnia 02 maja 2018]",
}

@Book{cleanCode,
  title     = {{Clean Code: A Handbook of Agile Software Craftsmanship}},
  publisher = {Prentice Hall},
  year      = {2008},
  author    = {Robert C. Martin},
}

@Misc{tfidf-eq,
  author       = {Bartosz Góralewicz},
  title        = {{The TF*IDF Algorithm Explained}},
  howpublished = {\url{https://www.elephate.com/blog/what-is-tf-idf/}},
  year         = {2018},
  note         = {[dostęp dnia 22 marca 2018]},
}

@Article{bow-example,
  author  = {Yin Zhang and Rong Jin and Zhi Zhou},
  title   = {{Understanding Bag-of-Words Model: A Statistical Framework}},
  journal = {International Journal of Machine Learning and Cybernetics},
  year    = {2009},
  pages   = {1--32},
}

@Misc{bow-popular,
  author       = {Jason Brownle},
  title        = {{A Gentle Introduction to the Bag-of-Words Model}},
  howpublished = {\url{https://machinelearningmastery.com/gentle-introduction-bag-words-model/}},
  year         = {2017},
}

@misc{11321/222,	
 title = {Wiki train - 34 categories},	
 author = {Wikipedia},	
 url = {http://hdl.handle.net/11321/222},	
 note = {{CLARIN}-{PL} digital repository},	
 copyright = {{GNU} {LGPL} 3.0},	
 year = {2015}	
}

@misc{fasttext-github,
  author = {Piotr Bojanowski and Edouard Grave and Armand Joulin and Tomas Mikolov},
 title = {Library for fast text representation and classification},	
 howpublished = {\url{https://github.com/facebookresearch/fastText}},	
 year = {2018}
}



@misc{internet-stat-book, 
  title = {Internetowy Podręcznik Statystyki},
  year = {2011}, 
howpublished = {\url{
http://www.statsoft.com.pl/textbook/stathome_stat.html}},
note = "[dostęp dnia 11 stycznia 2018]"
}

@book{python-reference,
  Author    = {Mark Lutz},
  Title     = {Learning Python},
  publisher = {O'Reilly Media},
  year      = 2013,
}

@Book{matplot-reference,
  title     = {{Matplotlib: A 2D graphics environment}},
  publisher = {IEEE COMPUTER SOC},
  year      = {2007},
  author    = {Hunter, J. D.},
  volume    = {9},
  number    = {3},
  abstract  = {Matplotlib is a 2D graphics package used for Python
  for application development, interactive scripting, and
  publication-quality image generation across user
  interfaces and operating systems.},
  doi       = {10.1109/MCSE.2007.55},
  journal   = {Computing In Science \& Engineering},
  pages     = {90--95},
}

@Book{numpy-reference,
  title        = {{A guide to NumPy}},
  publisher    = {CreateSpace Independent Publishing Platform},
  year         = {2006},
  author       = {Travis Oliphant},
  howpublished = {\url{https://docs.scipy.org/doc/numpy-1.14.0/reference/}},
}

@Book{java-reference,
  title     = {{Thinking in Java (4th Edition)}},
  publisher = {Prentice Hall},
  year      = {2006},
  author    = {Bruce Eckel},
}

@Book{java9-reference,
  title        = {{Mastering Java 9: Write Reactive, Modular, Concurrent, and Secure}},
  publisher    = {Packt Publishing},
  year         = {2017},
  author       = {Edward Lavieri},
  howpublished = {\url{https://www.packtpub.com/application-development/mastering-java-9}},
  pages        = {1--40},
}


@misc{spring-boot-reference,
 	author = {Phillip Webb and Dave Syer and Josh Long and Stéphane Nicoll and Andy Wilkinson},
  title = {{Spring Boot Reference Guide}},
  year = {2018},
    howpublished = "\url{https://docs.spring.io/spring-boot/docs/current/reference/htmlsingle/}",
}

@Misc{spring-shell-reference,
  author       = {Eric Bottard},
  title        = {{Spring Shell Reference Documentation}},
  howpublished = {\url{https://docs.spring.io/spring-shell/docs/current-SNAPSHOT/reference/htmlsingle/}},
  year         = {2017},
}

@Article{skl-reference,
  author       = {Fabian Pedregosa and Gaël Varoquaux and Alexandre Gramfort},
  title        = {{Scikit-learn: Machine Learning in Python}},
  journal      = {Journal of Machine Learning Research (2011)},
  year         = {2011},
  note         = {[dostęp dnia 21 lutego 2018]},
  howpublished = {\url{http://jmlr.org/papers/v12/pedregosa11a.html}},
}

@misc{morfeusz-reference,
  title = {{Morfeusz 2 ze słownikiem SGJP i Polimorf}},
  howpublished = "\url{http://sgjp.pl/morfeusz/morfeusz.html}",
  author = {Zygmunt Saloni and Włodzimierz Gruszczyński and Marcin Woliński and Robert Wołosz and Danuta Skowrońska},
  year = {2018}, 
  note = "[dostęp dnia 27 marca 2018]"
}


@misc{wcrf-api-reference,
  title = {{Dokumentacja NLP Rest API}},
  howpublished = "\url{http://nlp.pwr.wroc.pl/redmine/projects/nlprest2/wiki/Python}",
  year = {2013}, 
  note = "[dostęp dnia 08 lutego 2018]"
}



@misc{text-classification-stanford,
  title = {{Text classification and Naive Bayes}},
  howpublished = "\url{https://nlp.stanford.edu/IR-book/html/htmledition/text-classification-and-naive-bayes-1.html}",
  year = {2009}, 
  note = "[dostęp dnia 08 kwietnia 2018]"
}

@Article{Zagorecki2014FeatureAlgorithms,
  author  = {Soumya George and Shibily Joseph},
  title   = {{Text Classification by Augmenting Bag of Words (BOW) Representation with Co-occurrence Feature}},
  journal = {IOSR Journal of Computer Engineering},
  year    = {2014},
}

@Misc{word2vec-google,
  title        = {{Vector Representations of Words}},
  howpublished = {\url{https://www.tensorflow.org/tutorials/word2vec}},
  year         = {2018},
  note         = {[dostęp dnia 20 maja 2018]},
}

@misc{clarinMrofeusz2,
  title = {Analizator morfo-syntaktyczny},
  howpublished = "\url{http://ws.clarin-pl.eu/tager.shtml#}",
  year = {2011}, 
  author = {Tomasz Walkowiak and Michał Kaliński},
  note = "[dostęp dnia 14 stycznia 2018]"
}

@conference{odgadywacz,
author = "Maciej Piasecki and Adam Radziszewski",
booktitle = "Proceedings of the International Multiconference on Computer Science and Information Technology --- 2nd International Symposium Advances in Artificial Intelligence and Applications (AAIA'07)",
pages = "247--256",
title = "{P}olish {M}orphological {G}uesser {B}ased on a {S}tatistical a {T}ergo {I}ndex",
url = "https://pdfs.semanticscholar.org/e0b7/a7898e90376a6a9ef92d8bff5bebb7f35e46.pdf",
year = "2007",
}

@article{takipi-polish-tagger,
 author = {Maciej Piasecki},
 title = {{Polish Tagger {TaKIPI}: Rule Based Construction and Optimisation}},
 journal = {Task Quarterly},
 year = {2007},
 volume = {11},
 pages = {151--167},
 number = {1--2}
}




@misc{nlp-from-scratch,
  title = {{Natural Language Processing (almost) from Scratch}},
  howpublished = "\url{https://arxiv.org/pdf/1103.0398.pdf}",
  year = {2011}, 
  author = {Ronan Collobert and Jason Weston and Leon Bottou and Michael Karlen and Koray Kavukcuoglu and Pavel Kuksa},
  note = "[dostęp dnia 30 stycznia 2018]"
}

@InProceedings{morfeusz-practical-tool,
author="Woli{\'{n}}ski, Marcin",
editor="K{\l}opotek, Mieczys{\l}aw A.
and Wierzcho{\'{n}}, S{\l}awomir T.
and Trojanowski, Krzysztof",
title={{Morfeusz - a Practical Tool for the Morphological Analysis of Polish}},
booktitle={{Intelligent Information Processing and Web Mining}},
year="2006",
publisher="Springer Berlin Heidelberg",
address="Berlin, Heidelberg",
pages="511--520",
abstract="This paper describes a morphological analyser for Polish. Its features include a large dictionary, a carefully designed tagset, presentation of results as a DAG of interpretations, high efficiency, and free availability for non-commercial use and scientific research.",
isbn="978-3-540-33521-4"
}



@misc{polishStopwords,
  title = {Lista polskich słów nierelewantnych},
  howpublished = "\url{https://www.ranks.nl/stopwords/polish}", 
  note = "[dostęp dnia 26 stycznia 2018]",
}


@InProceedings{rudolf-swidzinski,
author="Rudolf, Micha{\l}
and {\'{S}}widzi{\'{n}}ski, Marek",
editor="K{\l}opotek, Mieczys{\l}aw A.
and Wierzcho{\'{n}}, S{\l}awomir T.
and Trojanowski, Krzysztof",
title={{Automatic utterance boundaries recognition in large Polish text corpora}},
booktitle={{Intelligent Information Processing and Web Mining}},
year="2004",
publisher="Springer Berlin Heidelberg",
address="Berlin, Heidelberg",
pages="247--256",
abstract="The paper reports on the first step in the process of automatic Polish text analysis. Such an analysis is aimed at assigning a structure to the input text units. Our aim is to present an effective method of segmentation of text corpora into utterances, which are the highest level syntactic units. We have implemented the method; our results look promising. In the experiments we have used some fragments of the 60-million corpus of the PWN Publishing House. The corpus is digitally accessible.",
isbn="978-3-540-39985-8"
}



@incollection{wcrft,
title  = "A tiered {CRF} tagger for {P}olish",
author = "Radziszewski, Adam",
year = "2013",
booktitle = "Intelligent Tools for Building a Scientific Information Platform:  Advanced Architectures and Solutions",a
publisher = "Springer Verlag" 
}

@misc{cclFormat,
  title = {{Dokumentacja formatu CCL}},
  howpublished = "\url{http://nlp.pwr.wroc.pl/redmine/projects/corpus2/wiki/CCL_format}",
  year = {2011}, 
   note = "[dostęp dnia 20 stycznia 2018]",
}

@misc{faster-better-fasttext,
  author = {Piotr Bojanowski and Edouard Grave and Armand Joulin and Tomas Mikolov},
  title = {{Faster, better text classification!}},
  howpublished = "\url{https://research.fb.com/fasttext/}",
  year = {2016}, 
    note = "[dostęp dnia 27 maja 2018]"
}

@misc{polishGrammarTagset,
  author = {Adam Przepiórkowski},
  title = {{Zestaw znaczników morfosyntaktycznych}},
  howpublished = "\url{http://nkjp.pl/poliqarp/help/plse2.html}",
  year = {2011}, 
    note = "[dostęp dnia 20 stycznia 2018]"
}

@article{bojanowski2016enriching,
  author    = {Piotr Bojanowski and
               Edouard Grave and
               Armand Joulin and
               Tomas Mikolov},
  title     = {Enriching Word Vectors with Subword Information},
  journal   = {CoRR},
  volume    = {abs/1607.04606},
  year      = {2016},
  url       = {http://arxiv.org/abs/1607.04606},
  archivePrefix = {arXiv},
  eprint    = {1607.04606},
  timestamp = {Wed, 07 Jun 2017 14:42:29 +0200},
  biburl    = {https://dblp.org/rec/bib/journals/corr/BojanowskiGJM16},
  bibsource = {dblp computer science bibliography, https://dblp.org}
}

@article{joulin2016fasttext,
  author    = {Armand Joulin and
               Edouard Grave and
               Piotr Bojanowski and
               Matthijs Douze and
               Herv{\'{e}} J{\'{e}}gou and
               Tomas Mikolov},
  title     = {FastText.zip: Compressing text classification models},
  journal   = {CoRR},
  volume    = {abs/1612.03651},
  year      = {2016},
  url       = {http://arxiv.org/abs/1612.03651},
  archivePrefix = {arXiv},
  eprint    = {1612.03651},
  timestamp = {Wed, 07 Jun 2017 14:40:57 +0200},
  biburl    = {https://dblp.org/rec/bib/journals/corr/JoulinGBDJM16},
  bibsource = {dblp computer science bibliography, https://dblp.org}
}


@InProceedings{walkowiak2018,
author="Walkowiak, Tomasz
and Datko, Szymon
and Maciejewski, Henryk",
editor="Rutkowski, Leszek
and Scherer, Rafa{\l}
and Korytkowski, Marcin
and Pedrycz, Witold
and Tadeusiewicz, Ryszard
and Zurada, Jacek M.",
title="Feature Extraction in Subject Classification of Text Documents in Polish",
booktitle="Artificial Intelligence and Soft Computing",
year="2018",
publisher="Springer International Publishing",
address="Cham",
pages="445--452",
abstract="In this work we evaluate two different methods for deriving features for a subject classification of text documents. The first method uses the standard Bag-of-Words (BoW) approach, which represents the documents with vectors of frequencies of selected terms appearing in the documents. This method heavily relies on the natural language processing (NLP) tools to properly preprocess text in the grammar- and inflection-conscious way. The second approach is based on the word-embedding technique recently proposed by Mikolov and does not require any NLP preprocessing. In this method the words are represented as vectors in continuous space and this representation of words is used to construct the feature vectors of the documents. We evaluate these fundamentally different approaches in the task of classification of Polish language Wikipedia articles with 34 subject areas. Our study suggests that the word-embedding based features seem to outperform the standard NLP-based features providing sufficiently large training dataset is available.",
isbn="978-3-319-91262-2"
}



@Article{walkowiak2018v2,
  author = {Tomasz Walkowiak and Szymon Datko and Henryk Maciejewski},
  title  = {{Bag-of-Words, Bag-of-Topics and Word-to-Vec Based Subject Classification of Text Documents in Polish - A Comparative Study}},
  year   = {2018},
}

@Article{BoulisText,
  title    = {{Text Classification by Augmenting the Bag-of-Words Representation with Redundancy-Compensated Bigrams}},
  year     = {2005},
  journal = {Proceedings of the SIAM International Conference on Data Mining at the Workshop on Feature Selection in Data Mining (SIAM-FSDM 2005)},
  author   = {Boulis, Constantinos and Ostendorf, Mari},
  keywords = {20Newsgroups, Bigrams, Fisher, Text categorization, WebKB},
}

@Book{NaturalPython,
  title     = {{Natural Language Processing with Python}},
  publisher = {O'Reilly},
  year      = {2009},
  author    = {Edward Loper and Ewan Klein and Steven Bird},
}

@article{Zadeh1999FromPerceptions,
    title = {{From Computing with Numbers to Computing with Words—From Manipulation of Measurements to Manipulation of Perceptions}},
    year = {1999},
    journal = {FUNDAMENTAL THEORY AND APPLICATIONS IEEE TRANSACTIONS ON FUZZY SYSTEMS IEEE TRANSACTIONS ON CIRCUITS AND SYSTEMS—I: FUNDAMENTAL THEORY AND APPLICATIONS},
    author = {Zadeh, Lotfi A},
    number = {1},
    pages = {103--111},
    volume = {45}
}
@Comment{jabref-meta: databaseType:bibtex;}
